@Article{PM_Transactions,
  author = 	 {O. Shayevitz and M. Feder},
  title = 	 {{Optimal feedback communication via posterior matching}},
  journal = 	 {IEEE Trans. Inf. Theory},
  year = 	 {2011},
  volume = 	 {57},
  number = 	 {3},
  pages = 	 {1186-1222},
  month = 	 {Mar},
}

@Article{ShannonFeedback,
  author = 	 {C. E. Shannon},
  title = 	 {{The zero-error capacity of a noisy channel}},
  journal = 	 {IEEE Trans. Inf. Theory},
  year = 	 1956,
  volume = 	 {IT-2},
  pages = 	 {8-19},
  month = 	 {Sep},
}

@Article{S-K_partI,
  author = 	 {J. P. M. Schalkwijk and T. Kailath},
  title = 	 {{A coding scheme for additive noise channels with feedback part I: No bandwidth constraint}},
  journal = 	 {IEEE Trans. Inf. Theory},
  year = 	 1966,
  volume = 	 {IT-12},
  pages = 	 {172-182},
  month = 	 {Apr},
}

@Article{S-K_partII,
  author  = 	 {J. P. M. Schalkwijk},
  title = 	 {{A coding scheme for additive noise channels with feedback part II: Band-limited signals}},
  journal = 	 {IEEE Trans. Inf. Theory},
  year = 	 1966,
  volume = 	 {IT-12},
  pages = 	 {183-189},
  month = 	 {Apr},
}

@ARTICLE{horstein,
  AUTHOR = {M. Horstein},
  TITLE = {Sequential transmission using noiseless feedback},
  JOURNAL = {IEEE Trans. Info. Theory},
  VOLUME =  {IT-9},
  MONTH = {Jul},
  PAGES = {136-143},  YEAR = {1963}
}


@InProceedings{KimNoisyAWGNFeedbackAllertor,
   author = 	 {{Y.-H. Kim, A. Lapidoth, and T. Weissman}},
   title = 	 {{On the reliability of Gaussian channels with noisy feedback}},
   booktitle = {Proc. 41st Allerton Conf. Communication, Control Computing},
   year = 	 {2006},
   pages = 	 {364-371},
   month = 	 {Sep.},
 }

@Article{ChanceLove,
  author = 	 {{Z. Chance and D. J. Love}},
  title = 	 {{Concatenated coding for the AWGN channel with noisy feedback}},
  journal = 	 {IEEE Trans. Inf. Theory},
  year = 	 2011,
  volume = 	 {57},
  pages = 	 {6633-6649},
  month = 	 {Oct.},
}

@Book{LeeMesserschmitt,
  author = 	 {{J.R. Barry, E.A. Lee, D.G. Messerschmitt}},
  title = 	 {Digital Communication},
  publisher = 	 {Springer},
  year = 	 {2004},
  edition = 	 {third},
}

@InProceedings{SatoYamamoto,
   author              = {{A. Sato and 
                          H. Yamamoto}},
   title               = {Error exponents of discrete memoryless channels and AWGN channels with noisy feedback},
   booktitle           = {ISITA},
   year                = {2010},
   pages               = {452-457},
}

@InProceedings{BurnashevNoisyAWGNISIT,
   author              = {{M. V. Burnashev and H. Yamamoto}},
   title               = {Noisy feedback improves the Gaussian channel reliability function},
   booktitle           = {ISIT},
   year                = {2014},
   pages               = {2554-2558},
}

@Article{BurnashevNoisyBSC,
  author = 	 {{M. V. Burnashev and H. Yamamoto}},
  title = 	 {{On reliability function of BSC with noisy feedback}},
  journal = 	 {Problems of Information Transmission},
  year = 	 2010,
  volume = 	 {46},
  pages = 	 {2-23},
}


@Article{Tomlinson,
  author = 	 {{ M. Tomlinson}},
  title = 	 {{New automatic equalizer employing modulo arithmetic}},
  journal = 	 {Electronics Letters},
  year = 	 1971,
  volume = 	 {7},
  number = 	 {5},
  pages = 	 {138-139},
}


@Article{Harashima,
  author = 	 {{H. Harashima and H. Miyakawa}},
  title = 	 {{Matched-transmission technique for channels with intersymbol interference}},
  journal = 	 {IEEE Transactions on Communications},
  year = 	 {1972},
  volume = 	 {20},
  number = 	 {4},
  pages = 	 {774-780},
}

@Article{Burnashev,
  author = 	 {{M. ~V. Burnashev}},
  title = 	 {{Data transmission over a discrete channel with feedback}},
  journal = 	 {Probl. Pered. Inf.},
  year = 	 1976,
  volume = 	 12,
  number = 	 4,
  pages = 	 {10-30},
  note = {English translation in \textit{Probl. Inf. Transm}, pp. 250-265, 1976}
}


@Article{Yamamoto-Itoh,
  author = 	 {{H. Yamamoto and K. Itoh}},
  title = 	 {{Asymptotic performance of a modified Schalkwijk-Barron scheme for channels with noiseless feedback}},
  journal = 	 {IEEE Trans. Inf. Theory},
  year = 	 1979,
  volume = 	 {IT-25},
  number = 	 6,
  pages = 	 {729-733},
}

@Article{BurnashevSimpleProof,
  author = 	 {{P. Berlin, B. Nakibo\u{g}lu, B. Rimoldi, and E. Telatar}},
  title = 	 {{A simple converse of Burnashev's reliability function}},
  journal = 	 {IEEE Trans. Inf. Theory},
  year = 	 {2009},
  volume = 	 {55},
  month =        {July},
  number = 	 {7},
  pages = 	 {3074-3080},
}


@Book{WilliamsMartingales,
  author = 	 {D.~Williams},
  title = 	 {Probability With Martingales},
  publisher = 	 {Cambridge Univ. Press},
  year = 	 1991,
}

@Book{CoverThomas,
  author = 	 {T. ~M. Cover and J. Thomas},
  title = 	 {{Elements of Information Theory}},
  publisher = 	 {New York: Wiley},
  year = 	 {2006},
  edition = 	 {second},
}

@Book{GallagerIT,
  author = 	 {R.~ G. Gallager},
  title = 	 {{Information Theory and Reliable Communication}},
  publisher = 	 {{New York: John Wiley \& Sons}},
  year = 	 {1968},
}


@Article{ShannonSpherePacking59,
  author = 	 {C. ~E. Shannon},
  title = 	 {{Probability of error for optimal codes in a Gaussian channel}},
  journal = 	 {Bell Syst. Tech. J.},
  year = 	 {1959},
  volume = 	 {38},
  pages = 	 {611-656},
}


@Book{RamiLattices,
  author = 	 {R. Zamir},
  title = 	 {{Lattice Coding for Signals and Networks}},
  publisher = 	 {Cambridge University Press},
  year = 	 {2014},
}


@Article{KochmanZamirJointWZWDP,
  author = 	 {Y. Kochman and R. Zamir},
  title = 	 {{Joint Wyner-Ziv/Dirty-Paper Coding by Analog Modulo-Lattice Modulation}},
  journal = 	 {IEEE Trans. Inf. Theory},
  year = 	 {2009},
  volume = 	 {55},
  pages = 	 {4878-4889},
}


 @Article{LiuMoulinKoetter,
  author = 	 {{T. Liu, P. Moulin, and R. Koetter}},
  title = 	 {{On error exponents of modulo lattice additive noise channels}},
  journal = 	 {IEEE Trans. Inf. Theory},
  year = 	 {2006},
  volume = 	 {52},
  pages = 	 {454-471},
}


@Article{Goblick,
  author = 	 {T. Goblick},
  title = 	 {{Theoretical limitations on the transmission of data from analog sources}},
  journal = 	 {IEEE Trans. Inf. Theory},
  year = 	 {1965},
  volume = 	 {IT-11},
  number = 	 {4},
  pages = 	 {558-567},
  month = 	 {Oct},
}

@Article{ShamaiMerhav,
  author = 	 {N. Merhav and S. Shamai (Shitz)},
  title = 	 {{On joint source-channel coding for the Wyner-Ziv source and the Gel'fand-Pinsker channel}},
  journal = 	 {IEEE Trans. Inf. Theory},
  year = 	 {2003},
  volume = 	 {49},
  number = 	 {11},
  pages = 	 {2844-2855},
  month = 	 {November},
}


@Article{GoodLattices,
  author = 	 {{U. Erez, S. Litsyn and R. Zamir}},
  title = 	 {{Lattices which are good for (almost) everything}},
  journal = 	 {IEEE Trans. Inf. Theory},
  year = 	 {2005},
  volume = 	 {51},
  number = 	 {10},
  pages = 	 {3401-3416},
  month = 	 {Oct},
}

@InProceedings{SimpleInteractionAllerton2014,
  author    = {{A. Ben{-}Yishai and O. Shayevitz}},
  title     = {{The Gaussian Channel with Noisy Feedback: Near-Capacity Performance
               via Simple Interaction}},
  booktitle = {Proc. 52nd Allerton Conf. Communication, Control Computing},
  month =  {Oct.},
  year      = 2014,
  pages = 	 {152--159},
}


 @Article{WynerZiv,
  author = 	 {A. Wyner and J. Ziv},
  title = 	 {{The rate-distortion function for source coding with side information at the decoder}},
  journal = 	 { IEEE Trans. Inf. Theory},
  year = 	 {1973},
  volume = 	 {IT-22},
  number = 	 {1},
  pages = 	 {1-10},
  month = 	 {Jan},
}

@Article{KimActiveFB,
  author = 	 {{Y.-H. Kim, A. Lapidoth, and T. Weissman}},
  title = 	 {{Error exponents for the Gaussian channel with active noisy feedback}},
  journal = 	 {IEEE Trans. Inf. Theory},
  year = 	 {2011},
  volume = 	 {57},
  number = 	 {3},
  pages = 	 {1223-1236},
  month = 	 {March},
}

@Article{LQGbroadcast,
  title={{LQG control approach to Gaussian broadcast channels with feedback}},
  author={{E. Ardestanizadeh, P. Minero and M. Franceschetti}},
  journal= {IEEE Trans. Inf. Theory},
  volume=58,
  number=8,
  pages={5267--5278},
  year=2012,
}

@article{FB_MAC_BC_duality,
  title={{MIMO MAC-BC Duality with Linear-Feedback Coding Schemes}},
  author={{S.~B. Amor, Y. Steinberg and M. Wigger}},
  journal={arXiv preprint arXiv:1404.2584},
  year={2014}
}

@Article{OzarowMAC,
title={{The capacity of the white Gaussian multiple access channel with feedback}},
author={{L. Ozarow}},
journal= {IEEE Trans. Inf. Theory},
volume={30},
number=4,
pages={623--629},
year=1984,
}

@Article{OzarowBC,
title={{An achievable region and outer bound for the Gaussian broadcast channel with feedback}},
author={{L. Ozarow and S. Leung-Yan-Cheong}},
journal= {IEEE Trans. Inf. Theory},
volume={30},
number=4,
pages={667--671},
year=1984,
}

@InProceedings{GaussianInteractionISIT,
  author    = {{A. Ben{-}Yishai and  O. Shayevitz}},
  title     = {{The Gaussian Channel with Noisy Feedback: Improving Reliability via Interaction}},
  booktitle = {ISIT 2015},
  year = {2015},
  pages               = {2500-2504},
}


@article{micheleNoisyBC,
  title={{Coding Schemes with Rate-Limited Feedback that Improve over the Nofeedback Capacity for a Large Class of Broadcast Channels}},
  author={{Y. Wu, Youlong and M. Wigger}},
  journal={arXiv preprint {http://arxiv.org/abs/1401.6219}},
  year={2014}
}


@Article{venkataramanan2013achievable,
  title={{An achievable rate region for the broadcast channel with feedback}},
  author={{R. Venkataramanan, and S.~Sandeep Pradhan}},
  journal= {IEEE Trans. Inf. Theory},
  volume=59,
  number=10,
  pages={6175--6191},
  year=2013,
}

@article{nazer2007computation,
  title={{Computation over multiple-access channels}},
  author={{B. Nazer, and M. Gastpar}},
  journal={Information Theory, IEEE Transactions on},
  volume=53,
  number=10,
  pages={3498--3516},
  year=2007,
}

@Book{ElGamalKimBook,
  title={{Network information theory}},
  author={{A. El Gamal and Y.-H. Kim}},
  year={2011},
  publisher={Cambridge University Press}
}

@article{shayevitzWigger,
  title={{On the capacity of the discrete memoryless broadcast channel with feedback}},
  author={{O. Shayevitz, and M. Wigger}},
  journal={Information Theory, IEEE Transactions on},
  volume={59},
  number={3},
  pages={1329--1345},
  year={2013},
  publisher={IEEE}
}

@article{zamir2002nested,
  title={{Nested linear/lattice codes for structured multiterminal binning}},
  author={{R. Zamir and S. Shamai and U. Erez}},
  journal={Information Theory, IEEE Transactions on},
  volume={48},
  number={6},
  pages={1250--1276},
  year={2002},
  publisher={IEEE}
}

@article{gallager2010variations,
  title={{Variations on a theme by Schalkwijk and Kailath}},
  author={{R.~ G. Gallager and B. Nakibo{\u{g}}lu}},
  journal={Information Theory, IEEE Transactions on},
  volume={56},
  number={1},
  pages={6--17},
  year={2010},
  publisher={IEEE}
}

@article{XiangKim,
	title={{Gaussian channel with noisy feedback and peak energy constraint}},
	author={Y.~Xiang and Y.-H.~Kim},
   journal={Information Theory, IEEE Transactions on},
	volume={59},
	number={8},
	pages={4746--4756},
	year={2013},
	publisher={IEEE}
}

@book{boyd2004convex,
	title={Convex optimization},
	author={S.~Boyd and L.~Vandenberghe},
	year={2004},
	publisher={Cambridge university press}
}


@book{VanHandel,
	author = {{R.~ Van Handel}},
	title = {Probability in High Dimension, ORF 570, Lecture notes, Princeton University},
	year = {2014},
	publisher={}
}

@book{CsiszarKorner,
	author = {{I.~Csiszár and J.~Körner}},
	title = {Information Theory},
	date = {date},
	edition = {second},
	year = {2011},
	publisher = {Cambridge University Press}
}

@article{schulman1996coding,
	title={Coding for interactive communication},
	author={{L.~J.~Schulman}},
	journal={IEEE Transactions on Information Theory},
	volume={42},
	number={6},
	pages={1745--1756},
	year={1996},
	publisher={IEEE}
}

@inproceedings{kol2013interactive,
	title={Interactive channel capacity},
	author={{G.~Kol and R.~Raz}},
	booktitle={Proceedings of the forty-fifth annual ACM symposium on Theory of computing},
	pages={715--724},
	year={2013},
	organization={ACM}
}

@inproceedings{haeupler2014interactive,
	title={Interactive channel capacity revisited},
	author={{B.~Haeupler}},
	booktitle={Foundations of Computer Science (FOCS), 2014 IEEE 55th Annual Symposium on},
	pages={226--235},
	year={2014},
	organization={IEEE}
}

@inproceedings{haeupler2017bridging,
	title={Bridging the capacity gap between interactive and one-way communication},
	author={B.~Haeupler and A.~Velingker},
	booktitle={Proceedings of the Twenty-Eighth Annual ACM-SIAM Symposium on Discrete Algorithms},
	pages={2123--2142},
	year={2017},
	organization={Society for Industrial and Applied Mathematics}
}

@article{gelles2015coding,
	title={Coding for interactive communication: a survey},
	author={{R.~Gelles}},
	url= {http://www.eng.biu.ac.il/~gellesr/survey.pdf},
	year={2019}
}

@article{slepian1973noiseless,
	title={Noiseless coding of correlated information sources},
	author={{D.~Slepian and J.~Wolf}},
	journal={IEEE Transactions on information Theory},
	volume={19},
	number={4},
	pages={471--480},
	year={1973},
	publisher={IEEE}
}


@InProceedings{MarkovInteractionAllerton2017,
	author    = {{A. Ben{-}Yishai, O. Shayevitz and Y.-H. Kim}},
	title     = {{Interactive Coding for Markovian Protocols}},
	booktitle = {Proc. 55nd Allerton Conf. Communication, Control Computing},
	month =  {Oct.},
	year      = 2017
}



@article{firstOrderMarkovianShannon,
	title={Shannon Capacity is Achievable for Binary Interactive First-Order Markovian Protocols},
	author={{A. Ben{-}Yishai, O. Shayevitz and Y.-H. Kim}},
	journal={arxiv preprint arXiv:1801.01022},
	year={2017}
}


@book{communicationComplexityBook,
	author = {{E. Kushlevitz and N. Nisan}},
	title = {Communication Complexity},
	publisher = {Cambridge University Press},
	year = {1997}
}

@article{gelles2018explicit,
	title={Explicit Capacity Approaching Coding for Interactive Communication},
	author={{R.~Gelles, B.~Haeupler, G.~Kol, N.~Ron-Zewi and A. Wigderson}},
	journal={IEEE Transactions on Information Theory},
	volume={64},
	pages={6546 - 6560},
	month = {October},
	year={2018},
	publisher={IEEE}
}

@inproceedings{schulman1992communication,
	title={Communication on noisy channels: A coding theorem for computation},
	author={Schulman, Leonard J},
	booktitle={Proceedings., 33rd Annual Symposium on Foundations of Computer Science},
	pages={724--733},
	year={1992},
	organization={IEEE}
}

@inproceedings{InterLowerBoundISIT,
	title={The Interactive Capacity of the Binary Symmetric Channel is at Least 1/40 the Shannon Capacity},
	author={{A. Ben-Yishai, Y-H Kim, O. Ordentlich and O. Shayevitz}},
	booktitle={ISIT},
	year ={2019}
}

@article{ben2004discriminative,
	title={A discriminative training algorithm for hidden Markov models},
	author={Ben-Yishai, Assaf and Burshtein, David},
	journal={IEEE Transactions on Speech and Audio Processing},
	volume={12},
	number={3},
	pages={204--217},
	year={2004},
	publisher={IEEE}
}

@article{ben2017interactive,
	title={{Interactive schemes for the AWGN channel with noisy feedback}},
    author    = {{A. Ben{-}Yishai and O. Shayevitz}},
	journal={IEEE Transactions on Information Theory},
	volume={63},
	number={4},
	pages={2409--2427},
	year={2017},
	publisher={IEEE}
}

@inproceedings{ben2015awgn,
	title={{The AWGN BC with MAC feedback: a reduction to noiseless feedback via interaction}},
	author={Ben-Yishai, Assaf and Shayevitz, Ofer},
	booktitle={2015 IEEE Information Theory Workshop (ITW)},
	pages={1--5},
	year={2015},
	organization={IEEE}
}

@book{klove2012error,
	title={Error detecting codes: general theory and their application in feedback communication systems},
	author={Kl{\o}ve, Torleiv and Korzhik, Valery},
	volume={335},
	year={2012},
	publisher={Springer Science \& Business Media}
}

@article{elias1972efficient,
	title={The efficient construction of an unbiased random sequence},
	author={Elias, Peter},
	journal={The Annals of Mathematical Statistics},
	pages={865--870},
	year={1972},
	publisher={JSTOR}
}

@article{vonNeauman1951,
	title={Various techniques used in connection with random digits},
	author={Von Neumann, John},
	journal={Appl. Math Ser},
	volume={12},
	number={5},	
	pages={36-38},
	year={1951}
}

@article{palomar2008lautum,
	title={Lautum information},
	author={Palomar, Daniel P and Verd{\'u}, Sergio},
	journal={IEEE transactions on information theory},
	volume={54},
	number={3},
	pages={964--975},
	year={2008},
	publisher={IEEE}
}

@article{i2012extremes,
	title={Extremes of error exponents},
	author={Guill{\'e}n i F{\`a}bregas, Albert  and Land, Ingmar and Martinez, Alfonso},
	journal={IEEE Transactions on Information Theory},
	volume={59},
	number={4},
	pages={2201--2207},
	year={2013},
	publisher={IEEE}
}

@book{gallagerPhD,
	title={Low-Density Parity-Check Codes},
	author={Gallager, Robert G},
	journal={Cambridge, Massachusetts},
	year={1963},
	publisher={MIT Press},
}

@ARTICLE{arikan08, 
	author={E. {Arikan}}, 
	journal={IEEE Transactions on Information Theory}, 
	title={Channel Polarization: A Method for Constructing Capacity-Achieving Codes for Symmetric Binary-Input Memoryless Channels}, 
	year={2009}, 
	volume={55}, 
	number={7}, 
	pages={3051-3073}, 
	month={July}}

@article{hellman1970probability,
	title={Probability of error, equivocation, and the Chernoff bound},
	author={Hellman, Martin and Raviv, Josef},
	journal={IEEE Transactions on Information Theory},
	volume={16},
	number={4},
	pages={368--372},
	year={1970},
	publisher={IEEE}
}

@inproceedings{yao1979some,
	title={Some complexity questions related to distributive computing (preliminary report)},
	author={Yao, Andrew Chi-Chih},
	booktitle={Proceedings of the eleventh annual ACM symposium on Theory of computing},
	pages={209--213},
	year={1979},
	organization={ACM}
}

@inproceedings{shannon1961two,
	title={Two-way communication channels},
	author={Shannon, Claude E},
	booktitle={Proceedings of the Fourth Berkeley Symposium on Mathematical Statistics and Probability, Volume 1: Contributions to the Theory of Statistics},
	year={1961},
	organization={The Regents of the University of California}
}

@book{richardson2008modern,
	title={Modern coding theory},
	author={Richardson, Tom and Urbanke, Ruediger},
	year={2008},
	publisher={Cambridge university press}
}


@inproceedings{pedarsani2011construction,
	title={On the construction of polar codes},
	author={Pedarsani, Ramtin and Hassani, S Hamed and Tal, Ido and Telatar, Emre},
	booktitle={ISIT},
	pages={11--15},
	year={2011},
	organization={IEEE}	
}

@article{kim2018deepcode,
	title={Deepcode: Feedback Codes via Deep Learning},
  author={H. {Kim} and Y. {Jiang} and S. {Kannan} and S. {Oh} and P. {Viswanath}},
	year={2018},
	url={https://arxiv.org/abs/1807.00801},
}



@INPROCEEDINGS{Kim2007,
  author={Y.-H.~{Kim} and A. {Lapidoth} and T. {Weissman}},
  booktitle={2007 IEEE International Symposium on Information Theory}, 
  title={{The Gaussian Channel with Noisy Feedback}}, 
  year={2007},
  volume={},
  number={},
  pages={1416-1420},}
  
  
  @ARTICLE{ErezShamaiZamir,
  author={U. {Erez} and S. {Shamai} and R. {Zamir}},
  journal={IEEE Transactions on Information Theory}, 
  title={{Capacity and lattice strategies for canceling known interference}}, 
  year={2005},
  volume={51},
  number={11},
  pages={3820-3833},}
  
  @ARTICLE{YuryFinite,
  author={Y. {Polyanskiy} and H. V. {Poor} and S. {Verdu}},
  journal={IEEE Transactions on Information Theory}, 
  title={Channel Coding Rate in the Finite Blocklength Regime}, 
  year={2010},
  volume={56},
  number={5},
  pages={2307-2359},}
  
  
@online{spectre,
author = {A. {Collins} and G. {Durisi} and T. {Erseghe} and V. {Kostina} and J. {Ostman} and Y. {Polyanskiy} and I. {Tal} and W. {Yang}},
title = {SPECTRE, Short Packet Communication Toolbox},
url = {https://github.com/yp-mit/spectre},
}

@online{ModuloSKcode,
author    = {{A. Ben{-}Yishai and O. Shayevitz}},
title = {{SK and Modulo-SK Matlab Code}},
url = {{https://github.com/assafbster/Modulo-SK}},
}

@ARTICLE{DeepcodeIEEE,
  author={H. {Kim} and Y. {Jiang} and S. {Kannan} and S. {Oh} and P. {Viswanath}},
  journal={IEEE Journal on Selected Areas in Information Theory}, 
  title={Deepcode: Feedback Codes via Deep Learning}, 
  year={2020},
  volume={1},
  number={1},
  pages={194-206},}
  
  
@incollection{DeepcodeNIPS,
title = {Deepcode: Feedback Codes via Deep Learning},
  author={H. {Kim} and Y. {Jiang} and S. {Kannan} and S. {Oh} and P. {Viswanath}},
booktitle = {Advances in Neural Information Processing Systems 31},
pages = {9436--9446},
year = {2018},
url = {http://papers.nips.cc/paper/8154-deepcode-feedback-codes-via-deep-learning.pdf}
}
